../WWW16/proceedings/centrality.bib